@misc{godot,
  author = {{Juan Linietsky, Ariel Manzur}},
  title = {\emph{Godot Engine}},
  howpublished = {\url{https://godotengine.org}},
  note = {Acessado: 2017-04-03},
  year = {2017},
}

@misc{godotDeployPlatforms,
  author = {{Juan Linietsky, Ariel Manzur}},
  title = {\emph{Godot Features}},
  howpublished = {\url{https://godotengine.org/features\#multiplatform-deploy}},
  year = {2017},
  note = {Acessado: 2017-09-20}
}

@misc{godotHistory,
  author = {{Wikipedia}},
  title = {\emph{Godot (game engine)}},
  howpublished = {\url{https://en.wikipedia.org/wiki/Godot_(game_engine)}},
  year = {2017},
  month = {Outubro},
  note = {Acessado: 2017-10-22}
}

@misc{godotGDScript,
  author = {{Godot Docs}},
  title = {\emph{GDScript}},
  howpublished =   {\url{http://docs.godotengine.org/en/stable/learning/step_by_step/scripting.html\#gdscript}},
  year = {2017},
  note = {Acessado: 2017-10-01}
}

@misc{godotNode,
  author = {{Godot Docs}},
  title = {\emph{Nodes}},
  howpublished = {\url{http://docs.godotengine.org/en/stable/learning/step_by_step/scenes_and_nodes.html\#nodes}},
  year = {2017},
  note = {Acessado: 2017-10-01}
}

@misc{godotScene,
  author = {{Godot Docs}},
  title = {\emph{Scenes}},
  howpublished =   {\url{http://docs.godotengine.org/en/stable/learning/step_by_step/scenes_  and_nodes.html\#scenes}},
  year = {2017},
  note = {Acessado: 2017-10-01}
}

@misc{godotResource,
  author = {{Godot Docs}},
  title = {\emph{Resources}},
  howpublished = {\url{http://docs.godotengine.org/en/stable/learning/step_by_step/resources.html}},
  year = {2017},
  note = {Acessado: 2017-10-01}
}

@misc{godotRepo,
  author = {{GitHub}},
  title = {\emph{Reposit√≥rio Godot}},
  howpublished = {\url{https://github.com/godotengine/godot}},
  year = {2017},
  note = {Acessado: 2017-10-01}
}
