@misc{gameMarket:16,
  author = {{SuperData Research}},
  title = "Worldwide game industry hits \$91 billion in revenues in 2016, with mobile the clear leader",
  howpublished = "\url{https://venturebeat.com/2016/12/21/worldwide-game-industry-hits-91-billion-in-revenues-in-2016-with-mobile-the-clear-leader}",
  year = "2016",
  note = "Acessado: 2017-04-02"
}

@misc{gameMarketOrigin,
  author = {{Wikipedia}},
  title = "The commercialization of video games",
  howpublished =  "\url{https://en.wikipedia.org/wiki/History_of_video_games\#The_commercialization_of_video_games}",
  year = "2017",
  note = "Acessado: 2017-04-03"
}

@misc{moore,
  author = {{Wikipedia}},
  title = "Moore's Law",
  howpublished = "\url{https://en.wikipedia.org/wiki/Moore\%27s_law}",
  year = "2017",
  note = "Acessado: 2017-04-03"
}

@misc{gameEngine:13,
  author = "Michael Enger",
  title = "Game Engines: How do they work?",
  howpublished = "\url{https://www.giantbomb.com/profile/michaelenger/blog/game-engines-how-do-they-work/101529/}",
  year = "2013",
  month = "Junho",
  note = "Acessado: 2017-04-03"
}

@misc{pulseaudio,
  author = {{Wikipedia}},
  title = "PulseAudio",
  howpublished = "\url{https://en.wikipedia.org/wiki/PulseAudio}",
  year = "2017",
  month = "Setembro",
  note = "Acessado: 2017-10-10"
}

@misc{alsa,
  author = {{Wikipedia}},
  title = "\emph{Advanced Linux Sound Architecture}",
  howpublished = "\url{https://en.wikipedia.org/wiki/Advanced\_Linux\_Sound\_Architecture}",
  year = "2017",
  month = "Julho",
  note = "Acessado: 2017-10-10"
}

@misc{googleSpeechAPI,
  author = {{Google}},
  title = "Web Speech API Demonstration",
  howpublished = "\url{https://www.google.com/intl/en/chrome/demos/speech.html}",
  year = "Ano Desconhecido",
  note = "Acessado: 2017-10-30"
}
