@misc{gameMarket:16,
  author = {{SuperData\:Research}},
  title = {\emph{Worldwide game industry hits \$91 billion in revenues in 2016, with mobile the clear leader}},
  howpublished = {\url{https://venturebeat.com/2016/12/21/worldwide-game-industry-hits-91-billion-in-revenues-in-2016-with-mobile-the-clear-leader}},
  note = {Acessado: 2017-04-02},
  year = {2016},
}

@misc{gameMarketOrigin,
  author = {{Wikipedia}},
  title = {\emph{The commercialization of video games}},
  howpublished =  {\url{https://en.wikipedia.org/wiki/History_of_video_games\#The_commercialization_of_video_games}},
  note = {Acessado: 2017-04-03},
  year = {2017},
}

@misc{moore,
  author = {{Wikipedia}},
  title = {\emph{Moore's Law}},
  howpublished = {\url{https://en.wikipedia.org/wiki/Moore\%27s_law}},
  note = {Acessado: 2017-04-03},
  year = {2017},
}

@misc{gameEngine:13,
  author = {Michael Enger},
  title = {\emph{Game Engines: How do they work?}},
  howpublished = {\url{https://www.giantbomb.com/profile/michaelenger/blog/game-engines-how-do-they-work/101529/}},
  note = {Acessado: 2017-04-03},
  year = {2013},
  month = {Junho},
}

@misc{godot,
  author = {{Juan Linietsky, Ariel Manzur}},
  title = {\emph{Godot Engine}},
  howpublished = {\url{https://godotengine.org}},
  note = {Acessado: 2017-04-03},
  year = {2017},
}

% ---------------------------------------------------------------------

@misc{sttDefinition,
  author = {{Wikipedia}},
  title = {\emph{Speech Recognition}},
  howpublished = {\url{https://en.wikipedia.org/wiki/Speech_recognition}},
  year = {2017},
  month = {Setembro},
  note = {Acessado: 2017-09-29}
}

@misc{STTHistory,
  author = {{Melanie Pinola}},
  title = {\emph{Speech Recognition Through the Decades: How We Ended Up With Siri}},
  howpublished = {\url{http://www.pcworld.com/article/243060/speech_recognition_through_the_decades_how_we_ended_up_with_siri.html}},
  year = {2011},
  month = {Novembro},
  note = {Acessado: 2017-09-30}
}

@misc{shoebox,
  author = {{IBM}},
  title = {\emph{IBM Shoebox}},
  howpublished = {\url{https://www-03.ibm.com/ibm/history/exhibits/specialprod1/specialprod1_7.html}},
  note = {Acessado: 2017-09-29}
}

@misc{shoeboxImage,
  author = {{Cassiopedia}},
  title = {\emph{Computing History Timeline}},
  howpublished = {\url{http://www.cassiopeia.it/resources-2/computing-history-timeline}},
  note = {Acessado: 2017-09-29}
}

@misc{beamSearch,
  author = {{Wikipedia}},
  title = {\emph{Beam Search}},
  howpublished = {\url{https://en.wikipedia.org/wiki/Beam_search}},
  year = {2017},
  month = {Julho},
  note = {Acessado 2017-09-29}
}

@misc{julieImage,
  author = {rrisner},
  howpublished = {\url{http://www.ebay.com/itm/Vintage-1987-Worlds-of-Wonder-Muneca-Interactiva-Julie-mas-inteligente-hablando-/272259248680?_ul=BO}},
  year = {2016},
  month = {Junho},
  note = {Acessado: 2017-09-30}
}

@book{sttComponentsParameters,
  author = {{National Research Council}},
  title = {\emph{Automatic Speech Recognition in Severe Environments}},
  chapter = {1, 2},
  publisher = {The National Academies Press},
  howpublished = {https://www.nap.edu/catalog/19357/automatic-speech-recognition-in-severe-environments},
  year = {1984}
}

@misc{sttBasics,
  author = {{Stephen Cook}},
  title = {Speech Recognition HOWTO},
  howpublished = {\url{http://www.tldp.org/HOWTO/Speech-Recognition-HOWTO/introduction.html}},
  year = {2002},
  month = {Abril},
  note = {Acessado: 2017-09-30}
}

@misc{speakerDependency,
  author = {{SpeechAngel}},
  title = {\emph{The difference between speaker-dependent and speaker-independent recognition software}},
  howpublished = {\url{https://speechangel.com/2016/05/04/difference-speaker-dependent-speaker-independent-recognition-software}},
  year = {2016},
  month = {Maio},
  note = {Acessado: 2017-09-29}
}

% ---------------------------------------------------------------------

@misc{godotDeployPlatforms,
  author = {{Juan Linietsky, Ariel Manzur}},
  title = {\emph{Godot Features}},
  howpublished = {\url{https://godotengine.org/features\#multiplatform-deploy}},
  year = {2017},
  note = {Acessado: 2017-09-20}
}

@misc{sttLibs,
  author = {NeoSpeech},
  title = {\emph{Top 5 Open Source Speech Recognition Toolkits}},
  howpublished = {\url{http://blog.neospeech.com/top-5-open-source-speech-recognition-toolkits}},
  note = {Acessado: 2017-04-03},
  year = {2016},
}

@misc{kaldi,
  author = {Kaldi},
  title = {\emph{About the Kaldi project}},
  howpublished = {\url{http://kaldi-asr.org/doc/about.html}},
  note = {Acessado: 2017-04-03},
  year = {2017},
  month = {Março},
}

@misc{cmusphinx,
  author = {CMUSphinx},
  title = {\emph{About the CMUSphinx}},
  howpublished = {\url{http://cmusphinx.sourceforge.net/wiki/about}},
  note = {Acessado: 2017-04-03},
  year = {2015},
  month = {Fevereiro},
}

@misc{htk,
  author = {HTK},
  title = {\emph{What is HTK?}},
  howpublished = {\url{htk.eng.cam.ac.uk}},
  note = {Acessado: 2017-04-03},
  year = {2016},
}

@misc{simon,
  author = {Simon},
  title = {\emph{About Simon}},
  howpublished = {\url{https://simon.kde.org/}},
  note = {Acessado: 2017-04-03},
  year = {2017},
}

@misc{julius,
  author = {Julius},
  title = {\emph{Open-Source Large Vocabulary CSR Engine Julius}},
  howpublished = {\url{http://julius.osdn.jp/en_index.php}},
  note = {Acessado: 2017-04-03},
  year = {2014},
}

% TODO: Fix authors correctly to:
% Christian Gaida, Patrick Lange, Rico Petrick, Patrick Proba, Ahmed Malatawy,
% David Suendermann-Oeft
@misc{compareSpeech,
  author = {Christian Gaida},
  title = {\emph{Comparing Open-Source Speech Recognition Toolkits}},
  howpublished = {\url{http://suendermann.com/su/pdf/oasis2014.pdf}},
  note = {Acessado: 2017-04-03},
  year = {2014},
}

@misc{pocketsphinxInstall,
  author = {CMUSphinx},
  title = {Building application with Pocketsphinx},
  howpublished = {\url{http://cmusphinx.sourceforge.net/wiki/tutorialpocketsphinx}},
  note = {Acessado: 2017-04-17},
  year = {2016},
}

% ---------------------------------------------------------------------

@misc{godotHistory,
  author = {{Wikipedia}},
  title = {\emph{Godot (game engine)}},
  howpublished = {\url{https://en.wikipedia.org/wiki/Godot_(game_engine)}},
  year = {2017},
  month = {Outubro},
  note = {Acessado: 2017-10-22}
}

@misc{godotGDScript,
  author = {{Godot Docs}},
  title = {\emph{GDScript}},
  howpublished =   {\url{http://docs.godotengine.org/en/stable/learning/step_by_step/scripting.html\#gdscript}},
  year = {2017},
  note = {Acessado: 2017-10-01}
}

@misc{godotNode,
  author = {{Godot Docs}},
  title = {\emph{Nodes}},
  howpublished = {\url{http://docs.godotengine.org/en/stable/learning/step_by_step/scenes_and_nodes.html\#nodes}},
  year = {2017},
  note = {Acessado: 2017-10-01}
}

@misc{godotScene,
  author = {{Godot Docs}},
  title = {\emph{Scenes}},
  howpublished =   {\url{http://docs.godotengine.org/en/stable/learning/step_by_step/scenes_  and_nodes.html\#scenes}},
  year = {2017},
  note = {Acessado: 2017-10-01}
}

@misc{godotResource,
  author = {{Godot Docs}},
  title = {\emph{Resources}},
  howpublished = {\url{http://docs.godotengine.org/en/stable/learning/step_by_step/resources.html}},
  year = {2017},
  note = {Acessado: 2017-10-01}
}

@misc{godotRepo,
  author = {{GitHub}},
  title = {\emph{Repositório Godot}},
  howpublished = {\url{https://github.com/godotengine/godot}},
  year = {2017},
  note = {Acessado: 2017-10-01}
}
