@misc{sttLibs,
  author = {{NeoSpeech}},
  title = "Top 5 Open Source Speech Recognition Toolkits",
  howpublished = "\url{http://blog.neospeech.com/top-5-open-source-speech-recognition-toolkits}",
  year = "2016",
  note = "Acessado: 2017-04-03"
}

@misc{kaldi,
  author = {{Kaldi}},
  title = "About the Kaldi project",
  howpublished = "\url{http://kaldi-asr.org/doc/about.html}",
  year = "2017",
  month = "Mar√ßo",
  note = "Acessado: 2017-04-03",
}

@misc{cmusphinx,
  author = {{CMUSphinx}},
  title = "About the CMUSphinx",
  howpublished = "\url{http://cmusphinx.sourceforge.net/wiki/about}",
  year = "2015",
  month = "Fevereiro",
  note = "Acessado: 2017-04-03"
}

@misc{htk,
  author = {{HTK}},
  title = "What is HTK?",
  howpublished = "\url{http://htk.eng.cam.ac.uk}",
  year = "2016",
  note = "Acessado: 2017-04-03"
}

@misc{simon,
  author = {{Simon}},
  title = "About Simon",
  howpublished = "\url{https://simon.kde.org/}",
  year = "2017",
  note = "Acessado: 2017-04-03"
}

@misc{julius,
  author = {{Julius}},
  title = "Open-Source Large Vocabulary CSR Engine Julius",
  howpublished = "\url{http://julius.osdn.jp/en_index.php}",
  year = "2014",
  note = "Acessado: 2017-04-03"
}

@misc{compareSpeech,
  author = "Christian Gaida and Patrick Lange and Rico Petrick and Patrick Proba and Ahmed Malatawy and David Suendermann-Oeft",
  title = "Comparing Open-Source Speech Recognition Toolkits",
  howpublished = "\url{http://suendermann.com/su/pdf/oasis2014.pdf}",
  year = "2014",
  note = "Acessado: 2017-04-03"
}

@misc{pocketsphinxInstallUse,
  author = {{CMUSphinx}},
  title = "Building application with Pocketsphinx",
  howpublished = "\url{http://cmusphinx.sourceforge.net/wiki/tutorialpocketsphinx}",
  year = "2016",
  note = "Acessado: 2017-04-17"
}

@misc{pocketsphinxMicLoop,
  author = {{CMUSphinx}},
  title = "\texttt{continuous.c}",
  howpublished = "\url{https://github.com/cmusphinx/pocketsphinx/blob/master/src/programs/continuous.c}",
  year = "2016",
  month = "Janeiro",
  note = "Acessado: 2017-10-20"
}
