@misc{sttDefinition,
  author = {{Wikipedia}},
  title = {\emph{Speech Recognition}},
  howpublished = {\url{https://en.wikipedia.org/wiki/Speech_recognition}},
  year = {2017},
  month = {Setembro},
  note = {Acessado: 2017-09-29}
}

@misc{STTHistory,
  author = {{Melanie Pinola}},
  title = {\emph{Speech Recognition Through the Decades: How We Ended Up With Siri}},
  howpublished = {\url{http://www.pcworld.com/article/243060/speech_recognition_through_the_decades_how_we_ended_up_with_siri.html}},
  year = {2011},
  month = {Novembro},
  note = {Acessado: 2017-09-30}
}

@misc{shoebox,
  author = {{IBM}},
  title = {\emph{IBM Shoebox}},
  howpublished = {\url{https://www-03.ibm.com/ibm/history/exhibits/specialprod1/specialprod1_7.html}},
  note = {Acessado: 2017-09-29}
}

@misc{shoeboxImage,
  author = {{Cassiopedia}},
  title = {\emph{Computing History Timeline}},
  howpublished = {\url{http://www.cassiopeia.it/resources-2/computing-history-timeline}},
  note = {Acessado: 2017-09-29}
}

@misc{beamSearch,
  author = {{Wikipedia}},
  title = {\emph{Beam Search}},
  howpublished = {\url{https://en.wikipedia.org/wiki/Beam_search}},
  year = {2017},
  month = {Julho},
  note = {Acessado 2017-09-29}
}

@misc{julieImage,
  author = {rrisner},
  howpublished = {\url{http://www.ebay.com/itm/Vintage-1987-Worlds-of-Wonder-Muneca-Interactiva-Julie-mas-inteligente-hablando-/272259248680?_ul=BO}},
  year = {2016},
  month = {Junho},
  note = {Acessado: 2017-09-30}
}

@book{sttComponentsParameters,
  author = {{National Research Council}},
  title = {\emph{Automatic Speech Recognition in Severe Environments}},
  chapter = {1, 2},
  publisher = {The National Academies Press},
  howpublished = {https://www.nap.edu/catalog/19357/automatic-speech-recognition-in-severe-environments},
  year = {1984}
}

@misc{sttBasics,
  author = {{Stephen Cook}},
  title = {Speech Recognition HOWTO},
  howpublished = {\url{http://www.tldp.org/HOWTO/Speech-Recognition-HOWTO/introduction.html}},
  year = {2002},
  month = {Abril},
  note = {Acessado: 2017-09-30}
}

@misc{speakerDependency,
  author = {{SpeechAngel}},
  title = {\emph{The difference between speaker-dependent and speaker-independent recognition software}},
  howpublished = {\url{https://speechangel.com/2016/05/04/difference-speaker-dependent-speaker-independent-recognition-software}},
  year = {2016},
  month = {Maio},
  note = {Acessado: 2017-09-29}
}
