@book{sttComponentsParameters,
  author = {{National Research Council}},
  title = "Automatic {S}peech {R}ecognition in {S}evere {E}nvironments",
  chapter = "1, 2",
  publisher = "The National Academies Press",
  howpublished = "\url{https://www.nap.edu/catalog/19357/automatic-speech-recognition-in-severe-environments}",
  year = "1984"
}

@misc{sttBasics,
  author = "Stephen Cook",
  title = "Speech {R}ecognition {HOWTO}",
  howpublished = "\url{http://www.tldp.org/HOWTO/Speech-Recognition-HOWTO/introduction.html}",
  year = "2002",
  month = "Abril"
}

@misc{cmusphinx,
  author = {{CMUSphinx}},
  title = "About the {CMUSphinx}",
  howpublished = "\url{http://cmusphinx.sourceforge.net/wiki/about}",
  year = "2015",
  month = "Fevereiro"
}

@misc{godot,
  author = "Juan Linietsky and Ariel Manzur",
  title = "Godot {E}ngine",
  howpublished = "\url{https://godotengine.org}",
  year = "2017"
}

@misc{godotDocs,
  author = {{Godot}},
  title = "Godot {D}ocs",
  howpublished = "\url{http://docs.godotengine.org}",
  year = "2017"
}

@misc{sttModuleGitHub,
  author = "Leonardo Pereira Macedo",
  title = "Speech to {T}ext",
  howpublished = "\url{https://github.com/SamuraiSigma/speech-to-text}",
  year = "2017",
  month = "Setembro"
}

@misc{colorClutterGitHub,
  author = "Leonardo Pereira Macedo",
  title = "Color {C}lutter",
  howpublished = "\url{https://github.com/SamuraiSigma/color-clutter}",
  year = "2017",
  month = "Setembro"
}

@misc{sttModuleGodotQA,
  author = "Leonardo Pereira Macedo",
  title = "Speech to {T}ext module for {G}odot 2.1.3/2.1.4",
  howpublished = "\url{https://godotengine.org/qa/18322/speech-to-text-module-for-godot-2-1-3-2-1-4}",
  year = "2017",
  month = "Setembro"
}

@misc{sttModuleGodotDevelopers,
  author = "Leonardo Pereira Macedo",
  title = "Speech to {T}ext module for {G}odot 2.1.3/2.1.4",
  howpublished = "\url{https://godotdevelopers.org/forum/discussion/18659/speech-to-text-module-for-godot-2-1-}",
  year = "2017",
  month = "Setembro"
}
